@book{FitNotesWeb,
  author = {FitNotesApp},
  title = {Dokumentacja fitnotes},
  publisher = {Pobrane z https://www.fitnotesapp.com}

}